@article{owen2024gain,
  title={Gain coefficients for scrambled Halton points},
  author={Owen, Art B and Pan, Zexin},
  journal={SIAM Journal on Numerical Analysis},
  volume={62},
  number={3},
  pages={1021--1038},
  year={2024},
  publisher={SIAM}
}

@inproceedings{l2023confidence,
  title={Confidence intervals for randomized quasi-Monte Carlo estimators},
  author={lâ€™Ecuyer, Pierre and Nakayama, Marvin K and Owen, Art B and Tuffin, Bruno},
  booktitle={2023 Winter Simulation Conference (WSC)},
  pages={445--456},
  year={2023},
  organization={IEEE}
}

@book{rathinavel2019fast,
  title={Fast automatic Bayesian cubature using matching kernels and designs},
  author={Rathinavel, Jagadeeswaran},
  year={2019},
  publisher={Illinois Institute of Technology}
}

@inproceedings{sorokin2022bounding,
  title={On Bounding and Approximating Functions of Multiple Expectations Using Quasi-Monte Carlo},
  author={Sorokin, Aleksei G and Rathinavel, Jagadeeswaran},
  booktitle={International Conference on Monte Carlo and Quasi-Monte Carlo Methods in Scientific Computing},
  pages={583--599},
  year={2022},
  organization={Springer}
}



